<?xml version="1.0" encoding="UTF-8"?><record xmlns="http://www.loc.gov/MARC21/slim" xmlns:cinclude="http://apache.org/cocoon/include/1.0" xmlns:zs="http://www.loc.gov/zing/srw/">
  <leader>00438nz  a2200157n  4500</leader>
  <controlfield tag="001">n  97921049 </controlfield>
  <controlfield tag="003">DLC</controlfield>
  <controlfield tag="005">19970920052718.3</controlfield>
  <controlfield tag="008">970909n| acannaab|          |a aaa      </controlfield>
  <datafield tag="010" ind1=" " ind2=" ">
    <subfield code="a">n  97921049 </subfield>
  </datafield>
  <datafield tag="040" ind1=" " ind2=" ">
    <subfield code="a">DLC</subfield>
    <subfield code="c">DLC</subfield>
  </datafield>
  <datafield tag="100" ind1="1" ind2="0">
    <subfield code="a">Moḍaka, Sirila</subfield>
  </datafield>
  <datafield tag="400" ind1="1" ind2="0">
    <subfield code="a">Moḍaka, Cyril</subfield>
  </datafield>
  <datafield tag="400" ind1="0" ind2="0">
    <subfield code="a">Sirila Moḍaka</subfield>
  </datafield>
  <datafield tag="670" ind1=" " ind2=" ">
    <subfield code="a">Bhārata kā bhāgya, 1946:</subfield>
    <subfield code="b">t.p. (Sirila Moḍaka)</subfield>
  </datafield>
  <datafield tag="670" ind1=" " ind2=" ">
    <subfield code="a">NBIL, 1962- :</subfield>
    <subfield code="b">v. 2, p. 12 (hdg.: Moḍaka, Cyril)</subfield>
  </datafield>
</record>